<record><leader>00000cas a22000007a 4500</leader><controlfield tag="001">18661887</controlfield><controlfield tag="008">881024d191319uutxuwr ne      0    0eng d</controlfield><datafield ind1=" " ind2=" " tag="010"><subfield code="a">sn 88084286 </subfield></datafield><datafield ind1=" " ind2=" " tag="040"><subfield code="a">PPM</subfield><subfield code="b">eng</subfield><subfield code="c">PPM</subfield><subfield code="d">OCLCQ</subfield></datafield><datafield ind1=" " ind2=" " tag="042"><subfield code="a">msc</subfield></datafield><datafield ind1="0" ind2="4" tag="245"><subfield code="a">The Sweetwater record.</subfield></datafield><datafield ind1=" " ind2=" " tag="260"><subfield code="a">Sweetwater, Tex. :</subfield><subfield code="b">Dr. J.A. Leeman &amp; W.B. Leeman,</subfield><subfield code="c">1913-</subfield></datafield><datafield ind1=" " ind2=" " tag="310"><subfield code="a">Weekly</subfield></datafield><datafield ind1="0" ind2=" " tag="362"><subfield code="a">Vol. 1, no. 1 (Mar. 14, 1913)-</subfield></datafield><datafield ind1=" " ind2=" " tag="752"><subfield code="a">United States</subfield><subfield code="b">Texas</subfield><subfield code="c">Nolan</subfield><subfield code="d">Sweetwater.</subfield></datafield></record>